@incollection{uckelmann2011architectural,
  title={An architectural approach towards the future internet of things},
  author={Uckelmann, Dieter and Harrison, Mark and Michahelles, Florian},
  booktitle={Architecting the internet of things},
  pages={1--24},
  year={2011},
  publisher={Springer}
}

@inproceedings{soltesz2007container,
  title={Container-based operating system virtualization: a scalable, high-performance alternative to hypervisors},
  author={Soltesz, Stephen and P{\"o}tzl, Herbert and Fiuczynski, Marc E and Bavier, Andy and Peterson, Larry},
  booktitle={ACM SIGOPS Operating Systems Review},
  volume={41},
  number={3},
  pages={275--287},
  year={2007},
  organization={ACM}
}

@article{richardson2014pattern,
  title={Pattern: Microservices architecture},
  author={Richardson, Chris},
  journal={Microservices. io. http://microservices. io/patterns/microservices. html [last accessed on February 17, 2015]},
  year={2014}
}

@incollection{dragoni2017microservices,
  title={Microservices: yesterday, today, and tomorrow},
  author={Dragoni, Nicola and Giallorenzo, Saverio and Lafuente, Alberto Lluch and Mazzara, Manuel and Montesi, Fabrizio and Mustafin, Ruslan and Safina, Larisa},
  booktitle={Present and Ulterior Software Engineering},
  pages={195--216},
  year={2017},
  publisher={Springer}
}

@inproceedings{hassan2010provisioning,
  title={Provisioning web services from resource constrained mobile devices},
  author={Hassan, Mahbub and Zhao, Weiliang and Yang, Jian},
  booktitle={Cloud Computing (CLOUD), 2010 IEEE 3rd International Conference on},
  pages={490--497},
  year={2010},
  organization={IEEE}
}

@inproceedings{felter2015updated,
  title={An updated performance comparison of virtual machines and linux containers},
  author={Felter, Wes and Ferreira, Alexandre and Rajamony, Ram and Rubio, Juan},
  booktitle={Performance Analysis of Systems and Software (ISPASS), 2015 IEEE International Symposium On},
  pages={171--172},
  year={2015},
  organization={IEEE}
}

@article{kratzke2017microservices,
  title={About microservices, containers and their underestimated impact on network performance},
  author={Kratzke, Nane},
  journal={arXiv preprint arXiv:1710.04049},
  year={2017}
}

@article{perry1992foundations,
  title={Foundations for the study of software architecture},
  author={Perry, Dewayne E and Wolf, Alexander L},
  journal={ACM SIGSOFT Software engineering notes},
  volume={17},
  number={4},
  pages={40--52},
  year={1992},
  publisher={ACM}
}

@book{newman2015building,
  title={Building microservices: designing fine-grained systems},
  author={Newman, Sam},
  year={2015},
  publisher={" O'Reilly Media, Inc."}
}